@article{model,
  title = {Nematic-Liquid-Crystal Order\char22{}A Monte Carlo Calculation},
  author = {Lebwohl, P. A. and Lasher, G.},
  journal = {Phys. Rev. A},
  volume = {6},
  issue = {1},
  pages = {426--429},
  numpages = {0},
  year = {1972},
  month = {Jul},
  publisher = {American Physical Society},
  doi = {10.1103/PhysRevA.6.426},
  note = "\url{http://link.aps.org/doi/10.1103/PhysRevA.6.426}"
}
@article{maierbis,
  title={Why is the Maier--Saupe theory of nematic liquid crystals so successful?},
  author={Luckhurst, GR and Zannoni, C},
  year={1977},
  publisher={Nature Publishing Group},
  note = "\url{http://www.nature.com/nature/journal/v267/n5610/abs/267412b0.html}"
}
@article{maier,
  title={Eine Einfache Molekulare Theorie des Nematischen Kristallinflussigen Zustandes},
  author={Maier, W. and Saupe, A.},
  year={1958},
  publisher={ Zeitschrift f√ºr Naturforschung},
}
